
@inproceedings{li_review_2012,
	title = {A review on vision-based pedestrian detection in intelligent transportation systems},
	isbn = {978-1-4673-0390-3 978-1-4673-0388-0 978-1-4673-0389-7},
	url = {http://ieeexplore.ieee.org/document/6204951/},
	doi = {10.1109/ICNSC.2012.6204951},
	urldate = {2017-09-07},
	publisher = {IEEE},
	author = {Li, Bo and Yao, Qingming and Wang, Kunfeng},
	month = apr,
	year = {2012},
	pages = {393--398}
}

@article{cottrell_evaluation_2003,
	title = {Evaluation of {Pedestrian} {Data} {Needs} and {Collection} {Efforts}},
	volume = {1828},
	issn = {0361-1981},
	url = {http://trrjournalonline.trb.org/doi/10.3141/1828-02},
	doi = {10.3141/1828-02},
	language = {en},
	urldate = {2017-09-07},
	journal = {Transportation Research Record: Journal of the Transportation Research Board},
	author = {Cottrell, Wayne and Pal, Dharminder},
	month = jan,
	year = {2003},
	pages = {12--19}
}

@article{patorniti_systems_2017,
	title = {A systems approach to city design: {Exploring} the compatibility of sociotechnical systems},
	volume = {66},
	issn = {01973975},
	shorttitle = {A systems approach to city design},
	url = {http://linkinghub.elsevier.com/retrieve/pii/S019739751630772X},
	doi = {10.1016/j.habitatint.2017.05.008},
	language = {en},
	urldate = {2017-09-29},
	journal = {Habitat International},
	author = {Patorniti, Nicholas P. and Stevens, Nicholas J. and Salmon, Paul M.},
	month = aug,
	year = {2017},
	pages = {42--48}
}

@misc{noauthor_city_2016,
	title = {The {City} {We} {Need} 2.0 {Towards} a {New} {Urban} {Paradigm}},
	url = {http://www.worldurbancampaign.org/sites/default/files/documents/tcwn2en.pdf},
	urldate = {2017-09-29},
	publisher = {UN-Habitat},
	year = {2016}
}

@article{pelletier_smart_2011,
	title = {Smart card data use in public transit: {A} literature review},
	volume = {19},
	issn = {0968090X},
	shorttitle = {Smart card data use in public transit},
	url = {http://linkinghub.elsevier.com/retrieve/pii/S0968090X1000166X},
	doi = {10.1016/j.trc.2010.12.003},
	language = {en},
	number = {4},
	urldate = {2017-09-29},
	journal = {Transportation Research Part C: Emerging Technologies},
	author = {Pelletier, Marie-Pier and Trépanier, Martin and Morency, Catherine},
	month = aug,
	year = {2011},
	pages = {557--568}
}

@incollection{sharaf_predicting_2015,
	address = {Cham},
	title = {Predicting {Passengers} in {Public} {Transportation} {Using} {Smart} {Card} {Data}},
	volume = {9093},
	isbn = {978-3-319-19547-6 978-3-319-19548-3},
	url = {http://link.springer.com/10.1007/978-3-319-19548-3_3},
	urldate = {2017-09-29},
	booktitle = {Databases {Theory} and {Applications}},
	publisher = {Springer International Publishing},
	author = {Dou, Mengyu and He, Tieke and Yin, Hongzhi and Zhou, Xiaofang and Chen, Zhenyu and Luo, Bin},
	editor = {Sharaf, Mohamed A. and Cheema, Muhammad Aamir and Qi, Jianzhong},
	year = {2015},
	note = {DOI: 10.1007/978-3-319-19548-3\_3},
	pages = {28--40}
}

@article{vlahogianni_shortterm_2004,
	title = {Short‐term traffic forecasting: {Overview} of objectives and methods},
	volume = {24},
	issn = {0144-1647, 1464-5327},
	shorttitle = {Short‐term traffic forecasting},
	url = {http://www.tandfonline.com/doi/abs/10.1080/0144164042000195072},
	doi = {10.1080/0144164042000195072},
	language = {en},
	number = {5},
	urldate = {2017-09-29},
	journal = {Transport Reviews},
	author = {Vlahogianni, Eleni I. and Golias, John C. and Karlaftis, Matthew G.},
	month = sep,
	year = {2004},
	pages = {533--557}
}

@article{gonzalez_understanding_2008,
	title = {Understanding individual human mobility patterns},
	volume = {453},
	issn = {0028-0836, 1476-4687},
	url = {http://www.nature.com/doifinder/10.1038/nature06958},
	doi = {10.1038/nature06958},
	number = {7196},
	urldate = {2017-09-29},
	journal = {Nature},
	author = {González, Marta C. and Hidalgo, César A. and Barabási, Albert-László},
	month = jun,
	year = {2008},
	pages = {779--782}
}

@article{wu_intra-urban_2014,
	title = {Intra-{Urban} {Human} {Mobility} and {Activity} {Transition}: {Evidence} from {Social} {Media} {Check}-{In} {Data}},
	volume = {9},
	issn = {1932-6203},
	shorttitle = {Intra-{Urban} {Human} {Mobility} and {Activity} {Transition}},
	url = {http://dx.plos.org/10.1371/journal.pone.0097010},
	doi = {10.1371/journal.pone.0097010},
	language = {en},
	number = {5},
	urldate = {2017-09-29},
	journal = {PLoS ONE},
	author = {Wu, Lun and Zhi, Ye and Sui, Zhengwei and Liu, Yu},
	editor = {Colizza, Vittoria},
	month = may,
	year = {2014},
	pages = {e97010}
}

@article{hasan_spatiotemporal_2013,
	title = {Spatiotemporal {Patterns} of {Urban} {Human} {Mobility}},
	volume = {151},
	issn = {0022-4715, 1572-9613},
	url = {http://link.springer.com/10.1007/s10955-012-0645-0},
	doi = {10.1007/s10955-012-0645-0},
	language = {en},
	number = {1-2},
	urldate = {2017-09-29},
	journal = {Journal of Statistical Physics},
	author = {Hasan, Samiul and Schneider, Christian M. and Ukkusuri, Satish V. and González, Marta C.},
	month = apr,
	year = {2013},
	pages = {304--318}
}

@article{enzweiler_monocular_2009,
	title = {Monocular {Pedestrian} {Detection}: {Survey} and {Experiments}},
	volume = {31},
	issn = {0162-8828},
	shorttitle = {Monocular {Pedestrian} {Detection}},
	url = {http://ieeexplore.ieee.org/document/4657363/},
	doi = {10.1109/TPAMI.2008.260},
	number = {12},
	urldate = {2017-09-29},
	journal = {IEEE Transactions on Pattern Analysis and Machine Intelligence},
	author = {Enzweiler, M. and Gavrila, D.M.},
	month = dec,
	year = {2009},
	pages = {2179--2195}
}

@article{iacono_measuring_2010,
	title = {Measuring non-motorized accessibility: issues, alternatives, and execution},
	volume = {18},
	issn = {09666923},
	shorttitle = {Measuring non-motorized accessibility},
	url = {http://linkinghub.elsevier.com/retrieve/pii/S0966692309000210},
	doi = {10.1016/j.jtrangeo.2009.02.002},
	language = {en},
	number = {1},
	urldate = {2017-09-29},
	journal = {Journal of Transport Geography},
	author = {Iacono, Michael and Krizek, Kevin J. and El-Geneidy, Ahmed},
	month = jan,
	year = {2010},
	pages = {133--140}
}

@article{ren_faster_2017,
	title = {Faster {R}-{CNN}: {Towards} {Real}-{Time} {Object} {Detection} with {Region} {Proposal} {Networks}},
	volume = {39},
	issn = {0162-8828, 2160-9292},
	shorttitle = {Faster {R}-{CNN}},
	url = {http://ieeexplore.ieee.org/document/7485869/},
	doi = {10.1109/TPAMI.2016.2577031},
	number = {6},
	urldate = {2017-09-29},
	journal = {IEEE Transactions on Pattern Analysis and Machine Intelligence},
	author = {Ren, Shaoqing and He, Kaiming and Girshick, Ross and Sun, Jian},
	month = jun,
	year = {2017},
	pages = {1137--1149}
}